
@Misc{Rtrain,
    author = {},
    title = {RDocument-train},
    howpublished = {\url{https://www.rdocumentation.org/packages/caret/versions/4.47/topics/train}},
    year = {},
    note = {}
}
@Misc{RtrainControl,
    author = {},
    title = {RDocument-trainControl},
    howpublished = {\url{https://www.rdocumentation.org/packages/caret/versions/6.0-82/topics/trainControl}},
    year = {},
    note = {}
}
@Misc{RtrainModelList,
    author = {},
    title = {RDocument trainModelList},
    howpublished = {\url{http://topepo.github.io/caret/train-models-by-tag.html#Support_Vector_Machines}},
    year = {},
    note = {}
}
@Misc{LogisticExample,
    author = {Atmathew},
    title = {Evaluating Logistic Regression Models},
    howpublished = {},
    year = {},
    note = {\url{https://www.r-bloggers.com/evaluating-logistic-regression-models/}}
}
@Misc{SVMwiki,
    author = {Wikipedia},
    title = {Support-vector machine},
    howpublished = {},
    year = {},
    note = {\url{https://en.wikipedia.org/wiki/Support-vector_machine}}
}